@ARTICLE{lipsum,
author = {Cicero},
journal = {Papyrus},
title = {{de Finibus Bonorum et Malorum}},
volume = {1},
year = {-45}
}
